@book{practicaloo,
     author = {Metz, Sandi},
     isbn = {9780321721334},
     edition = {1},
     publisher = {{Addison-Wesley Professional}},
     title = {{Practical Object-Oriented Design in Ruby - An Agile Primer}},
     year = {2012},
 }

@book{eloquent_ruby,
     author = {Olsen, Russ},
     isbn = {9780321584106},
     edition = {1},
     publisher = {{Addison-Wesley Professional}},
     title = {{Eloquent Ruby}},
     year = {2011},
}

@misc{slidesweb,
    title = {The Evolution of the Web - From Web 1.0 to Web 4.0},
    note = {Acessado em agosto de 2013.},
    author={Evans, Mike},
    howpublished={\url{http://www.cscan.org/presentations/08-11-06-MikeEvans-Web.pdf}},
}

@misc{basefiguramvc,
    title = {Sproutcore MVC VS Rails MVC},
    note = {Acessado em agosto de 2013.},
    author={Moeck, Gregory},
    howpublished={\url{http://gmoeck.github.io/2011/03/10/sproutcore-mvc-vs-rails-mvc.html}},
}

@misc{videoweb,
    title = {Evolution Web 1.0, Web 2.0 to Web 3.0},
    note = {Acessado em agosto de 2013.},
    author={{Youtube}},
    howpublished={\url{http://www.youtube.com/watch?v=bsNcjya56v8}},
}

@misc{facebooklucro,
    title = {Ações do Facebook saltam quase 30% após lucro de US$ 333 milhões},
    note = {Acessado em agosto de 2013.},
    author={{UOL Economia - Cotações}},
    year={2013}, 
    month={jul.}, 
    howpublished={\url{http://economia.uol.com.br/cotacoes/noticias/redacao/2013/07/25/acoes-do-facebook-saltam-quase-30-apos-lucro-de-us-333-milhoes.htm}},
}

@misc{wikipediaframework,
    title = {Software framework},
    note = {Acessado em agosto de 2013.},
    author={{Wikipedia}},
    year={2013}, 
    month={aug.}, 
    howpublished={\url{http://en.wikipedia.org/wiki/Software_framework}},
}

@misc{frameworkexplain,
    title = {Web application framework},
    note = {Acessado em agosto de 2013.},
    author={{DocForge - Software Development Resources}},
    year={2013}, 
    month={jul.}, 
    howpublished={\url{http://docforge.com/wiki/Web_application_framework}},
}

@misc{wikipediahttp,
    title = {Hypertext Transfer Protocol},
    note = {Acessado em agosto de 2013.},
    author={{Wikipedia - The Free Encyclopedia}},
    year={2013}, 
    month={ago.}, 
    howpublished={\url{http://en.wikipedia.org/wiki/Hypertext_Transfer_Protocol}},
}

@techreport{restthesis,
  title={Architectural Styles and the Design of Network-based Software Architectures},
  author={Fielding, Roy Thomas},
  year={2000},
}

@misc{wikipediahtml,
    title = {HTML},
    note = {Acessado em agosto de 2013.},
    author={{Wikipedia - The Free Encyclopedia}},
    year={2013}, 
    month={ago.}, 
    howpublished={\url{http://en.wikipedia.org/wiki/HTML}},
}

@misc{videohtml,
    title = {What is HTML5?},
    note = {Acessado em agosto de 2013.},
    author={{Youtube}},
    howpublished={\url{http://www.youtube.com/watch?v=mzPxo7Y6JyA}},
}

@misc{ieeecomparsionagileframeworks,
    title={A Comparison Model for Agile Web Frameworks},
    author={Fernández-Villamor, José Ignacio and Días-Casillas, Laura, Iglesias, Carlos Á.},
    howpublished={\url{http://www.gsi.dit.upm.es/administrator/components/com_jresearch/files/publications/frameworks.pdf}},
}

@misc{curvadeinteresseframeworks,
    title = {Google Trends - Web Search interest},
    note = {Acessado em agosto de 2013.},
    author={{Google}},
    howpublished={\url{http://www.google.com/trends/explore#q=symfony,ruby+on+rails,cakephp,django+python,asp.net+mvc}},
}

@misc{segurancarails,
    title = {Rails Guides - Ruby on Rails Security Guide},
    author={{Rails Guides}},
    note = {Acessado em agosto de 2013.},
    howpublished={\url{http://guides.rubyonrails.org/security.html}},
}

@misc{rspec,
    title = {RSpec},
    author={{RSpec}},
    note = {Acessado em agosto de 2013.},
    howpublished={\url{http://rspec.info/}},
}

@misc{git,
    title = {Git --everything-is-local},
    note = {Acessado em agosto de 2013.},
    author={{Git}},
    howpublished={\url{http://git-scm.com/}},
}

@misc{bitbucket,
    title = {Bitbucket},
    note = {Acessado em agosto de 2013.},
    author={{Bitbucket}},
    howpublished={\url{https://bitbucket.org/}},
}

@misc{skype,
    title = {Skype},
    note = {Acessado em agosto de 2013.},
    author={{Skype}},
    howpublished={\url{http://www.skype.com/}},
}

@misc{localtunnel,
    title = {localtunnel},
    note = {Acessado em agosto de 2013.},
    author={{Lindsay, Jeff}},
    howpublished={\url{http://progrium.com/localtunnel/}},
}

@misc{devise,
    title = {Github - Devise},
    author={{Plataformatec}},
    note = {Acessado em agosto de 2013.},
    howpublished={\url{https://github.com/plataformatec/devise}},
}

@misc{filepicker,
    title = {Filepicker},
    author={{Ink}},
    note = {Acessado em agosto de 2013.},
    howpublished={\url{https://www.inkfilepicker.com/}},
}

@misc{omniauth-facebook,
    title = {Omniauth-Facebook},
    author={Dodwell, Mark},
    note = {Acessado em agosto de 2013.},
    howpublished={\url{https://github.com/mkdynamic/omniauth-facebook}},
}

@misc{omniauth,
    title = {Omniauth},
    author={{Intridea, Inc.}},
    note = {Acessado em agosto de 2013.},
    howpublished={\url{https://github.com/intridea/omniauth}},
}

@misc{paypal,
    title = {Ferramenta de Pagamento},
    author={{Paypal}},
    note = {Acessado em agosto de 2013.},
    howpublished={\url{https://www.paypal.com/br/webapps/mpp/home}},
}

@misc{delayed_jobs,
    title = {{Delayed Jobs}},
    author={{Collective Idea}},
    note = {Acessado em agosto de 2013.},
    howpublished={\url{https://github.com/collectiveidea/delayed_job}},
}

@misc{geocoder,
    title = {Geocoder},
    author={Reisner, Alex},
    note = {Acessado em agosto de 2013.},
    howpublished={\url{https://github.com/alexreisner/geocoder}},
}

@misc{google_maps,
    title = {Google Maps API},
    author={{Google}},
    note = {Acessado em agosto de 2013.},
    howpublished={\url{https://developers.google.com/maps/?hl=pt-br}},
}

@misc{bootstrap,
    title = {Bootstrap},
    author={Otto, Mark and Thornton, Jacob},
    note = {Acessado em agosto de 2013.},
    howpublished={\url{http://getbootstrap.com/2.3.2/}},
}

@misc{font_awesome,
    title = {Font Awesome},
    author={Gandy, Dave},
    note = {Acessado em agosto de 2013.},
    howpublished={\url{http://fortawesome.github.io/Font-Awesome/}},
}

@misc{factory_girl,
    title = {Factory Girl},
    author={{thoughtbot, inc.}},
    note = {Acessado em agosto de 2013.},
    howpublished={\url{https://github.com/thoughtbot/factory_girl_rails}},
}

@misc{ffaker,
    title = {FFaker},
    author={Oga, Emmanuel},
    note = {Acessado em agosto de 2013.}, 
    howpublished={\url{https://github.com/EmmanuelOga/ffaker}},
}

@misc{timecop,
    title = {Timecop},
    author={Jeffery, Travis},
    note = {Acessado em agosto de 2013.},
    howpublished={\url{https://github.com/travisjeffery/timecop}},
}

@misc{mocha,
    title = {Mocha},
    author={{FreeRange}},
    note = {Acessado em agosto de 2013.},
    howpublished={\url{https://github.com/freerange/mocha}},
}

@misc{pry,
    title = {Pry},
    author={Mair, John},
    note = {Acessado em agosto de 2013.},
    howpublished={\url{http://pryrepl.org/}},
}

@misc{letter_opener,
    title = {Letter Opener},
    author={Bates, Ryan},
    note = {Acessado em agosto de 2013.},
    howpublished={\url{https://github.com/ryanb/letter_opener}},
}

@misc{better_errors,
    title = {Better Errors},
    author={Somerville, Charlie},
    note = {Acessado em agosto de 2013.},
    howpublished={\url{https://github.com/charliesome/better_errors}},
}

@misc{heroku,
    title = {Heroku},
    author={{Heroku}},
    note = {Acessado em agosto de 2013.},
    howpublished={\url{https://www.heroku.com/}},
}

@misc{modelo_de_negocios,
    title = {Modelo de Negócio},
    author={Rebouças, Fernando},
    note = {Acessado em agosto de 2013.},
    howpublished={\url{http://www.infoescola.com/administracao_/modelo-de-negocio/}},
}

@misc{comparabmcplanoum,
    title = {Business Model Canvas x Plano de negócios},
    author={Ghisi, Júlia},
    note = {Acessado em agosto de 2013.},
    howpublished={\url{http://catarinasdesign.com.br/blog/2013/08/business-model-canvas-um-atalho-antes-do-seu-plano-de-negocio/}},
}

@misc{comparabmcplanodois,
    title = {Modelo de negócios Canvas ou plano de negócios},
    author={Dornelas, José},
    note = {Acessado em agosto de 2013.},
    howpublished={\url{http://economia.uol.com.br/ultimas-noticias/colunistas/jose-dornelas/2013/07/08/modelo-de-negocios-canvas-ou-plano-de-negocios.htm}},
}

@misc{tutorialbmc,
    title = {Elaborando seu Modelo de Negócios: Business Model Canvas – Parte 1},
    author={{Sua ideia vale um milhão}},
    note = {Acessado em agosto de 2013.},
    howpublished={\url{http://suaideiavale1milhao.com.br/saiba-tudo-sobre-business-model-canvas-parte-1/}},
}